<?xml version="1.0" encoding="UTF-8"?><collection xmlns="http://www.loc.gov/MARC21/slim"><record><leader>00400nam--2200121-i-4500</leader><controlfield tag="001">000007296</controlfield><controlfield tag="002">20161230</controlfield><controlfield tag="005">20161230201027</controlfield><controlfield tag="008">060222s1000------------r-----000-0-eng-d</controlfield><datafield ind1=" " ind2=" " tag="100"><subfield code="a">Cendales, M./S.A.</subfield></datafield><datafield ind1=" " ind2=" " tag="245"><subfield code="a">Intercambio isotopico de co++ y cd ++ entre su s complejos de edta y los cloruros correspondi entes</subfield></datafield><datafield ind1=" " ind2=" " tag="260"><subfield code="a">Bogota, D.E., Imprenta Nacional, 1962</subfield></datafield><datafield ind1=" " ind2=" " tag="490"><subfield code="a">Inst.De Asuntos Nucl.: Informe</subfield></datafield></record></collection>